1792 2316
703 118 803 155 ,4-
856 119 910 159 14
957 143 1055 156 .-—

382 208 497 254 Atque
523 209 568 243 ita
594 211 654 250 est,
683 208 829 253 legimus
854 205 968 244 enim:

214 298 357 340 „Quum
383 300 461 334 alibi
486 305 595 333 terror
621 312 658 334 ac
687 300 780 345 fuga,
804 300 883 334 alibi
910 301 1062 352 pertinax
1090 301 1125 335 in
1150 302 1235 336 mala
1262 302 1418 348 jam'spe
1446 300 1547 348 proe-

215 354 320 397 „lium
355 359 457 390 esset:
503 354 701 397 Hasdrubal,
736 355 795 401 qui
826 367 867 390 ea
904 363 998 402 parte
1038 362 1187 401 praeerat
1230 357 1461 393 subductis
1504 370 1547 393 ex

215 408 345 451 „media
369 409 447 450 acie,
471 408 645 451 Numidas,
674 411 753 456 quia
779 410 893 456 segnis
922 421 1041 446 eorum
1068 422 1144 446 cum
1164 412 1309 446 adversis
1335 423 1451 457 pugna
1469 417 1547 454 erat,

208 464 277 514 „ad
308 464 555 509 persequendos
580 464 705 509 passim
721 461 902 509 fugientes
926 466 1045 506 mittin
1079 466 1249 512 Hispanos
1275 472 1308 500 et
1333 466 1445 501 Gallos
1484 477 1547 512 pe-

215 518 321 560 „dites
347 517 497 560 Afris,
522 518 606 564 jam
628 529 738 564 prope
753 519 852 553 fessis
869 519 968 556 caede
981 520 1090 564 magis
1105 531 1205 565 quam
1222 529 1346 566 pugna,
1364 521 1548 567 111131111311.66

328 627 435 672 Quod
466 628 496 661 si
524 627 579 661 cui
612 637 656 660 ne
680 627 726 660 ita
755 627 892 673 quidem
920 627 975 660 hic
1004 627 1098 661 locus
1122 628 1200 662 satis
1227 628 1352 673 placet,
1385 639 1472 670 nam,
1511 634 1552 667 ut,
1615 621 1618 623 ’

214 681 466 727 intelligeretur,
511 681 570 726 qui
603 689 714 715 essent
749 682 798 715 1111
834 693 876 716 ex
912 682 1021 716 media
1051 682 1123 715 acie
1159 682 1325 724 subducti,
1356 672 1546 718 adden'dum
1591 690 1608 724 s

215 736 324 771 fuisse
360 736 594 782 Hispanorum
629 742 673 773 01
695 734 868 770 Gallorum
900 747 1043 770 nomen:
1086 747 1156 771 uon
1190 737 1378 773 dubitamus
1421 738 1456 772 id
1500 737 1545 772 ita

213 794 385 827 inserere:

219 883 439 928 „Hasdrubah
471 883 532 930 qui
566 895 605 917 ea
639 887 732 929 parte
754 880 923 924 Gallis,
949 883 1263 934 Hispanisque
1287 888 1437 930 praeerat
1465 875 1571 919 sub-x

216 940 346 982 „ductis
384 950 428 971 ex
462 938 579 973 media
614 939 694 978 acie,
732 942 827 972 cett.“
889 937 975 971 Nam
1013 933 1173 971 facillime
1217 943 1347 982 poterat
1380 938 1545 980 excidere,

218 1005 324 1054 quum
349 993 384 1026 id
410 992 565 1026 librarius
589 1002 873 1037 supervacaneum
902 1002 975 1024 esse
999 996 1139 1037 putaret,
1166 993 1244 1037 quia
1269 992 1324 1027 iiis
1348 992 1431 1038 ipsis
1456 992 1544 1027 Has-

216 1040 390 1083 drub‘alem
424 1047 493 1091 jam'
519 1052 616 1080 antea
647 1057 803 1091 praeesse
831 1046 1037 1081 meminerat.
1091 1046 1215 1091 Atque
1233 1058 1289 1080 ea
1282 1039 1440 1082 fo'rtasse
1477 1057 1542 1081 una
1597 1069 1599 1071 -

160 1093 168 1099 ’
214 1102 441 1149 corruptionis
470 1112 585 1136 caussa
609 1106 701 1136 est.

329 1212 502 1247 Praeterea
527 1221 590 1256 pro
615 1210 698 1256 jam
726 1210 879 1252 Afris,
903 1210 1111 1256 transpositis
1127 1211 1276 1261 vocibus,
1300 1209 1433 1245 Afris
1460 1208 1542 1255 311111

217 1268 382 1309 dedimus,
418 1267 511 1312 quod
532 1266 607 1299 *etsi
639 1263 707 1300 11011
743 1265 881 1300 omnino
915 1266 1139 1301 necessarium
1166 1270 1226 1308 est,
1257 1270 1368 1300 tamen
1395 1264 1473 1310 quia
1505 1264 1543 1297 iu

216 1323 331 1360 multis
348 1321 449 1357 codd.
477 1325 591 1363 exstat,
615 1320 735 1366 aptius*
753 1320 938 1355 videbatur.

326 1432 367 1467 In
390 1437 542 1467 extremo
569 1431 637 1477 jam
660 1430 772 1465 libello
793 1441 864 1465 non
882 1441 1073 1476 possumus,
1099 1430 1180 1476 quin
1206 1433 1320 1464 contra
1333 1427 1541 1473 Heusingeri

205 1487 414 1533 *opinionem
440 1497 646 1528 moneamus,
670 1485 769 1519 nobis
792 1486 930 1530 quideni
956 1477 1103 1526 Liuium,
1131 1495 1237 1529 quum
1260 1477 1361 1518 dicit}
1391 1482 1540 1535 ,Quum

217 1543 297 1577 alibi
323 1547 432 1576 terror
456 1552 494 1574 ac
518 1541 611 1585 fuga,
648 1540 726 1574 alibi
752 1540 904 1583 pertinax
931 1540 966 1573 in
991 1539 1076 1573 mala
1109 1538 1177 1584 jam
1202 1549 1267 1583 spe
1290 1537 1457 1584 proelium
1485 1546 1541 1571 es-

217 1601 298 1639 set‚“
323 1596 366 1629 de
391 1606 460 1629 uno
489 1606 595 1629 cornu
617 1594 763 1642 sinistro,
789 1604 858 1627 non
886 1593 928 1627 de
956 1593 1087 1627 duobus
1114 1592 1269 1627 cornibus
1294 1592 1401 1627 videri
1428 1591 1521 1637 loqui
1528 1603 1541 1632 ς

216 1662 295 1686 nam
331 1650 463 1684 etiamsi
490 1649 620 1697 equites
644 1648 814 1682 Romanos
840 1648 956 1692 magis*
973 1648 1114 1692 fugisse,
1148 1658 1248 1692 quam
1270 1642 1445 1687 cecidisse,
1478 1645 1538 1679 Li-

206 1707 291 1741 ·vius
318 1704 441 1746 scribit,
475 1710 587 1738 tamen
612 1703 741 1737 nullum
768 1691 815 1736 ibi
842 1710 915 1737 tum
943 1703 1074 1738 hostem
1102 1702 1216 1743 fuisse,
1247 1702 1302 1735 vel
1332 1701 1410 1735 inde
1435 1700 1538 1746 appa-

216 1767 277 1802 ret,
298 1760 391 1806 quod
417 1758 616 1799 Hasdrubal,
654 1769 695 1791 eo
724 1757 807 1817 loco
828 1758 952 1799 relicto,
990 1758 1058 1803 jam
1088 1756 1122 1790 in
1150 1757 1304 1792 dextrum
1331 1765 1436 1791 cornu
1459 1765 1539 1824 per-

214 1815 340 1851 venit.
621 1831 623 1833 ·
